@article{ct1,
  title={Beginning Linux programming, third edition},
  author={ Matthew, N.  and  Stones, R.  and  Booksx, I. },
  journal={Linux Programming},
  year={2003},
}
