@article{ct1,
  title={Beginning Linux programming, third edition},
  author={ Matthew, N.  and  Stones, R.  and  Booksx, I. },
  journal={Linux Programming},
  year={2003},
}

@article{CT_Mand1,
  title={分形几何和分维数简介},
  author={文志英 and 井竹君},
  journal={数学的实践与认识},
  year={1995},
}

@phdthesis{CT_Mand2,
  title={分形几何的早期历史研究},
  author={江南},
  school={西北大学},
}
